<collection xmlns="http://www.loc.gov/MARC21/slim">
<record>
  <leader>01769nam0a22003131i 450 </leader>
  <controlfield tag="001">IT\ICCU\CNCE\037501</controlfield>
  <controlfield tag="005">20140410000000.0</controlfield>
  <datafield tag="012" ind1=" " ind2=" ">
    <subfield code="a">a,an 6286 Iia- sogn (3) 1583 (A)</subfield>
    <subfield code="2">fei</subfield>
  </datafield>
  <datafield tag="100" ind1=" " ind2=" ">
    <subfield code="a">19981019d1583        0itac0103    ba</subfield>
  </datafield>
  <datafield tag="101" ind1=" " ind2=" ">
    <subfield code="a">ITA</subfield>
  </datafield>
  <datafield tag="102" ind1=" " ind2=" ">
    <subfield code="a">IT</subfield>
  </datafield>
  <datafield tag="200" ind1="1" ind2=" ">
    <subfield code="a">Nuouo leggendario della vita e fatti di N.S. Gies ̮Christo e di tutti i santi ... raccolto da graui &amp; approbati autori e dato in luce in lingua spagnuola sotto il titolo Flos Sanctorum e tradotto in lingua italiana per d. Timoteo da Bagno monaco camaldolese</subfield>
  </datafield>
  <datafield tag="210" ind1=" " ind2=" ">
    <subfield code="a">In Venetia</subfield>
    <subfield code="c">appresso i Guerra fratelli</subfield>
    <subfield code="d">1583</subfield>
  </datafield>
  <datafield tag="215" ind1=" " ind2=" ">
    <subfield code="a">\26!, 901, \1! p.</subfield>
    <subfield code="d">fol</subfield>
  </datafield>
  <datafield tag="620" ind1=" " ind2=" ">
    <subfield code="a">IT</subfield>
    <subfield code="d">Venezia</subfield>
  </datafield>
  <datafield tag="700" ind1=" " ind2="1">
    <subfield code="a">Villegas Selvago,</subfield>
    <subfield code="b">Alonso : de</subfield>
    <subfield code="3">IT\ICCU\CNCA\007065</subfield>
  </datafield>
  <datafield tag="702" ind1=" " ind2="0">
    <subfield code="a">Timoteo</subfield>
    <subfield code="c"> : da#Bagno</subfield>
    <subfield code="3">IT\ICCU\CNCA\009240</subfield>
  </datafield>
  <datafield tag="712" ind1="0" ind2="0">
    <subfield code="a">Guerra, Domenico &amp; Guerra, Giovanni Battista</subfield>
    <subfield code="3">IT\ICCU\CNCT\000155</subfield>
    <subfield code="4">650</subfield>
  </datafield>
  <datafield tag="790" ind1=" " ind2="1">
    <subfield code="a">Villegas,</subfield>
    <subfield code="b">Alonso : de</subfield>
    <subfield code="3">IT\ICCU\CNCA\015103</subfield>
    <subfield code="z">Villegas Selvago, Alonso : de</subfield>
  </datafield>
  <datafield tag="790" ind1=" " ind2="1">
    <subfield code="a">Villegas Selvago,</subfield>
    <subfield code="b">Alfonso : de</subfield>
    <subfield code="3">IT\ICCU\CNCA\025131</subfield>
    <subfield code="z">Villegas Selvago, Alonso : de</subfield>
  </datafield>
  <datafield tag="790" ind1=" " ind2="1">
    <subfield code="a">Villegas,</subfield>
    <subfield code="b">Alfonso</subfield>
    <subfield code="3">IT\ICCU\CNCA\025133</subfield>
    <subfield code="z">Villegas Selvago, Alonso : de</subfield>
  </datafield>
  <datafield tag="790" ind1=" " ind2="1">
    <subfield code="a">Bagno,</subfield>
    <subfield code="b">Timoteo : da</subfield>
    <subfield code="3">IT\ICCU\CNCA\010488</subfield>
    <subfield code="z">Timoteo : da#Bagno</subfield>
  </datafield>
  <datafield tag="790" ind1=" " ind2="1">
    <subfield code="a">Nofreschi,</subfield>
    <subfield code="b">Timoteo</subfield>
    <subfield code="3">IT\ICCU\CNCA\010489</subfield>
    <subfield code="z">Timoteo : da#Bagno</subfield>
  </datafield>
  <datafield tag="790" ind1=" " ind2="1">
    <subfield code="a">Naufreschi,</subfield>
    <subfield code="b">Timoteo</subfield>
    <subfield code="3">IT\ICCU\CNCA\024864</subfield>
    <subfield code="z">Timoteo : da#Bagno</subfield>
  </datafield>
  <datafield tag="790" ind1=" " ind2="1">
    <subfield code="a">Naufrescus,</subfield>
    <subfield code="b">Timotheus</subfield>
    <subfield code="3">IT\ICCU\CNCA\026470</subfield>
    <subfield code="z">Timoteo : da#Bagno</subfield>
  </datafield>
  <datafield tag="791" ind1="0" ind2="2">
    <subfield code="a">Guerraei fratres</subfield>
    <subfield code="3">IT\ICCU\CNCT\005074</subfield>
    <subfield code="z">Guerra, Domenico &amp; Guerra, Giovanni Battista</subfield>
  </datafield>
  <datafield tag="791" ind1="0" ind2="2">
    <subfield code="a">Guerri</subfield>
    <subfield code="3">IT\ICCU\CNCT\005076</subfield>
    <subfield code="z">Guerra, Domenico &amp; Guerra, Giovanni Battista</subfield>
  </datafield>
  <datafield tag="801" ind1=" " ind2="3">
    <subfield code="a">IT</subfield>
    <subfield code="b">ICCU</subfield>
    <subfield code="c">20201114</subfield>
  </datafield>
  <datafield tag="899" ind1=" " ind2=" ">
    <subfield code="a">Biblioteca dell&apos;Archivio provinciale dei frati minori cappuccini. Mestre</subfield>
    <subfield code="1">VE0111</subfield>
    <subfield code="2">ZVE 16</subfield>
  </datafield>
</record>
</collection>
